@MISC{wiki,
   author = {Wikipedia},
   title = {Algoritmo gen\'etico - Wikipedia la enciclopedia libre},
   note = "http://es.wikipedia.org/wiki/Algoritmo\_gen\'etico"
   }

@MISC{roger,
   author = "Roger Alsing",
   title = "Genetic Programming: Evolution of Mona Lisa | Roger Alsing Weblog",
   note = "http://rogeralsing.com/2008/12/07/genetic-programming-evolution-of-mona-lisa/"
   }

@MISC{jacob,
   author = "Jacob Seidelin",
   title= "Genetic algorithms, Mona Lisa and JavaScript + Canvas - Nihilogic",
   note = "http://blog.nihilogic.dk/2009/01/genetic-mona-lisa.html"
   }
